@software{Monticone_Moroni_MultilayerGraphs_2022,
         abstract     = {A Julia package for the construction, manipulation and analysis of multi-layer graphs extending Graphs.jl.},
         author       = {Monticone, Pietro and Moroni, Claudio},
         doi          = {XX.XXXX/zenodo.XXXXXXX},
         institution  = {University of Turin (UniTO)},
         keywords     = {Julia Language, Julia Package, Graph Theory, Applied Graph Theory, Network Theory, Network Science, Multilayer Graphs, Graphs, Networks, Complexity},
         license      = {MIT},
         organization = {Interdisciplinary Physics Team (InPhyT)},
         title        = {MultilayerGraphs.jl},
         url          = {https://doi.org/XX.XXXX/zenodo.XXXXXXX},
         year         = {2022}
         }
