@misc{besard2018juliagpu,
 doi           = {10.1109/TPDS.2018.2872064},
 primaryClass  = {cs.PL},
 author        = {Besard, Tim and Foket, Christophe and De Sutter, Bjorn},
 issn          = {1045-9219},
 eprint        = {1712.03112},
 year          = {2018},
 url           = {https://arxiv.org/abs/1712.03112},
 journal       = {IEEE Transactions on Parallel and Distributed Systems},
 archivePrefix = {arXiv},
 title         = {Effective Extensible Programming: Unleashing {Julia} on {GPUs}}
}

@article{besard2019prototyping,
 publisher     = {Elsevier},
 pages         = {29--46},
 author        = {Besard, Tim and Churavy, Valentin and Edelman, Alan and De Sutter, Bjorn},
 year          = {2019},
 volume        = {132},
 journal       = {Advances in Engineering Software},
 title         = {Rapid software prototyping for heterogeneous and distributed platforms}
}

@misc{Graphs2021,
 author        = {Fairbanks, James and Besan{\c{e}}on, Mathieu and Simon, Sch{\"o}lly and Hoffiman, J{\'u}lio and Eubank, Nick and Karpinski, Stefan},
 year          = {2021},
 url           = {https://github.com/JuliaGraphs/Graphs.jl/},
 title         = {JuliaGraphs/Graphs.jl: an optimized graphs package for the Julia programming language}
}

@article{LLVM.jl-2017,
 doi           = {10.1109/TPDS.2018.2872064},
 author        = {Besard, Tim and Foket, Christophe and De Sutter, Bjorn},
 issn          = {1045-9219},
 year          = {2018},
 journal       = {IEEE Transactions on Parallel and Distributed Systems},
 title         = {Effective Extensible Programming: Unleashing {Julia} on {GPUs}}
}
