# PACKAGES 

## Julia 

@article{Bezanson2017,
  doi = {10.1137/141000671},
  url = {https://doi.org/10.1137/141000671},
  year = {2017},
  month = jan,
  publisher = {Society for Industrial {\&} Applied Mathematics ({SIAM})},
  volume = {59},
  number = {1},
  pages = {65--98},
  author = {Jeff Bezanson and Alan Edelman and Stefan Karpinski and Viral B. Shah},
  title = {Julia: A Fresh Approach to Numerical Computing},
  journal = {{SIAM} Review}
}

@misc{Graphs2021,
  author = {Fairbanks, James and Besan{\c{c}}on, Mathieu and Simon, Sch{\"o}lly and Hoffiman, J{\'u}lio and Eubank, Nick and Karpinski, Stefan},
  title = {JuliaGraphs/Graphs.jl: an optimized graphs package for the Julia programming language},
  year = 2021,
  url = {https://github.com/JuliaGraphs/Graphs.jl/}
}

@article{Datseris2022,
  doi = {10.1177/00375497211068820},
  url = {https://doi.org/10.1177/00375497211068820},
  year = {2022},
  month = jan,
  publisher = {{SAGE} Publications},
  pages = {003754972110688},
  author = {George Datseris and Ali R. Vahdati and Timothy C. DuBois},
  title = {Agents.jl: a performant and feature-full agent-based modeling software of minimal code complexity},
  journal = {{SIMULATION}}
}

@software{Moroni_Monticone_MultilayerGraphs_2022,
         abstract     = {A Julia package for the creation, manipulation and analysis of the structure, dynamics and functions of multilayer graphs.},
         author       = {Moroni, Claudio and Monticone, Pietro},
         doi          = {10.5281/zenodo.7009172},
         institution  = {University of Turin (UniTO)},
         keywords     = {Julia Language, Julia Package, Graph Theory, Applied Graph Theory, Network Theory, Network Science, Graphs, Multilayer Graphs, Multilevel Graphs, Hierarchical Graphs, Networks, Multilayer Networks, Multilevel Networks, Hierarchical Networks, Complexity, Complex Systems},
         license      = {MIT},
         organization = {Interdisciplinary Physics Team (InPhyT)},
         title        = {MultilayerGraphs.jl: A Julia package for the creation, manipulation and analysis of the structure, dynamics and functions of multilayer graphs},
         url          = {https://doi.org/10.5281/zenodo.7009172},
         year         = {2022}
         }

## Python 

## R 
@article{Lazega2008,
  doi = {10.1016/j.socnet.2008.02.001},
  url = {https://doi.org/10.1016/j.socnet.2008.02.001},
  year = {2008},
  month = may,
  publisher = {Elsevier {BV}},
  volume = {30},
  number = {2},
  pages = {159--176},
  author = {Emmanuel Lazega and Marie-Th{\'{e}}r{\`{e}}se Jourda and Lise Mounier and RafaÃ«l Stofer},
  title = {Catching up with big fish in the big pond? Multi-level network analysis through linked design},
  journal = {Social Networks}
}

@article{DeDomenico2014,
  doi = {10.1093/comnet/cnu038},
  url = {https://doi.org/10.1093/comnet/cnu038},
  year = {2014},
  month = oct,
  publisher = {Oxford University Press ({OUP})},
  volume = {3},
  number = {2},
  pages = {159--176},
  author = {De Domenico and Porter and Arenas},
  title = {{MuxViz}: a tool for multilayer analysis and visualization of networks},
  journal = {Journal of Complex Networks}
}

@article{Hammoud2018,
  doi = {10.3390/genes9110519},
  url = {https://doi.org/10.3390/genes9110519},
  year = {2018},
  month = oct,
  publisher = {{MDPI} {AG}},
  volume = {9},
  number = {11},
  pages = {519},
  author = {Zaynab Hammoud and Frank Kramer},
  title = {mully: An R Package to Create,  Modify and Visualize Multilayered Graphs},
  journal = {Genes}
}

@article{Magnani2021,
  doi = {10.18637/jss.v098.i08},
  url = {https://doi.org/10.18637/jss.v098.i08},
  year = {2021},
  publisher = {Foundation for Open Access Statistic},
  volume = {98},
  number = {8},
  author = {Matteo Magnani and Luca Rossi and Davide Vega},
  title = {Analysis of Multiplex Social Networks with R},
  journal = {Journal of Statistical Software}
}

# ARTICLES  
## General 
@article{DeDomenico2013,
  doi = {10.1103/physrevx.3.041022},
  url = {https://doi.org/10.1103/physrevx.3.041022},
  year = {2013},
  month = dec,
  publisher = {American Physical Society ({APS})},
  volume = {3},
  number = {4},
  author = {Manlio De Domenico and Albert Sol{\'{e}}-Ribalta and Emanuele Cozzo and Mikko Kivel\"{a} and Yamir Moreno and Mason A. Porter and Sergio G{\'{o}}mez and Alex Arenas},
  title = {Mathematical Formulation of Multilayer Networks},
  journal = {Physical Review X}
}

@article{Kivela2014,
  doi = {10.1093/comnet/cnu016},
  url = {https://doi.org/10.1093/comnet/cnu016},
  year = {2014},
  month = jul,
  publisher = {Oxford University Press ({OUP})},
  volume = {2},
  number = {3},
  pages = {203--271},
  author = {M. Kivela and A. Arenas and M. Barthelemy and J. P. Gleeson and Y. Moreno and M. A. Porter},
  title = {Multilayer networks},
  journal = {Journal of Complex Networks}
}

@article{Boccaletti2014,
  doi = {10.1016/j.physrep.2014.07.001},
  url = {https://doi.org/10.1016/j.physrep.2014.07.001},
  year = {2014},
  month = nov,
  publisher = {Elsevier {BV}},
  volume = {544},
  number = {1},
  pages = {1--122},
  author = {S. Boccaletti and G. Bianconi and R. Criado and C.I. del Genio and J. G{\'{o}}mez-Garde{\~{n}}es and M. Romance and I. Sendi{\~{n}}a-Nadal and Z. Wang and M. Zanin},
  title = {The structure and dynamics of multilayer networks},
  journal = {Physics Reports}
}

@article{Lee2015,
  doi = {10.1140/epjb/e2015-50742-1},
  url = {https://doi.org/10.1140/epjb/e2015-50742-1},
  year = {2015},
  month = feb,
  publisher = {Springer Science and Business Media {LLC}},
  volume = {88},
  number = {2},
  author = {Kyu-Min Lee and Byungjoon Min and Kwang-Il Goh},
  title = {Towards real-world complexity: an introduction to multiplex networks},
  journal = {The European Physical Journal B}
}

@article{Aleta2019,
  doi = {10.1146/annurev-conmatphys-031218-013259},
  url = {https://doi.org/10.1146/annurev-conmatphys-031218-013259},
  year = {2019},
  month = mar,
  publisher = {Annual Reviews},
  volume = {10},
  number = {1},
  pages = {45--62},
  author = {Alberto Aleta and Yamir Moreno},
  title = {Multilayer Networks in a Nutshell},
  journal = {Annual Review of Condensed Matter Physics}
}

## Algorithms 
### Graph Realisation 
@article{Hakimi1962,
  doi = {10.1137/0110037},
  url = {https://doi.org/10.1137/0110037},
  year = {1962},
  month = sep,
  publisher = {Society for Industrial {\&} Applied Mathematics ({SIAM})},
  volume = {10},
  number = {3},
  pages = {496--506},
  author = {S. L. Hakimi},
  title = {On Realizability of a Set of Integers as Degrees of the Vertices of a Linear Graph. I},
  journal = {Journal of the Society for Industrial and Applied Mathematics}
}

@article{Kleitman1973,
  doi = {10.1016/0012-365x(73)90037-x},
  url = {https://doi.org/10.1016/0012-365x(73)90037-x},
  year = {1973},
  month = sep,
  publisher = {Elsevier {BV}},
  volume = {6},
  number = {1},
  pages = {79--88},
  author = {D.J. Kleitman and D.L. Wang},
  title = {Algorithms for constructing graphs and digraphs with given valences and factors},
  journal = {Discrete Mathematics}
}

## Applications 

@article{Granell2013,
  doi = {10.1103/physrevlett.111.128701},
  url = {https://doi.org/10.1103/physrevlett.111.128701},
  year = {2013},
  month = sep,
  publisher = {American Physical Society ({APS})},
  volume = {111},
  number = {12},
  author = {Clara Granell and Sergio G{\'{o}}mez and Alex Arenas},
  title = {Dynamical Interplay between Awareness and Epidemic Spreading in Multiplex Networks},
  journal = {Physical Review Letters}
}

@article{Cozzo2013,
  doi = {10.1103/physreve.88.050801},
  url = {https://doi.org/10.1103/physreve.88.050801},
  year = {2013},
  month = nov,
  publisher = {American Physical Society ({APS})},
  volume = {88},
  number = {5},
  author = {Emanuele Cozzo and Raquel A. Ba{\~{n}}os and Sandro Meloni and Yamir Moreno},
  title = {Contact-based social contagion in multiplex networks},
  journal = {Physical Review E}
}

@article{Massaro2014,
  doi = {10.1103/physreve.90.052817},
  url = {https://doi.org/10.1103/physreve.90.052817},
  year = {2014},
  month = nov,
  publisher = {American Physical Society ({APS})},
  volume = {90},
  number = {5},
  author = {Emanuele Massaro and Franco Bagnoli},
  title = {Epidemic spreading and risk perception in multiplex networks: A self-organized percolation method},
  journal = {Physical Review E}
}

@article{Estrada2014,
  doi = {10.1103/physreve.89.042819},
  url = {https://doi.org/10.1103/physreve.89.042819},
  year = {2014},
  month = apr,
  publisher = {American Physical Society ({APS})},
  volume = {89},
  number = {4},
  author = {Ernesto Estrada and Jes{\'{u}}s G{\'{o}}mez-Garde{\~{n}}es},
  title = {Communicability reveals a transition to coordinated behavior in multiplex networks},
  journal = {Physical Review E}
}

@article{AzimiTafreshi2016,
  doi = {10.1103/physreve.93.042303},
  url = {https://doi.org/10.1103/physreve.93.042303},
  year = {2016},
  month = apr,
  publisher = {American Physical Society ({APS})},
  volume = {93},
  number = {4},
  author = {N. Azimi-Tafreshi},
  title = {Cooperative epidemics on multiplex networks},
  journal = {Physical Review E}
}

@article{Baggio2016,
  doi = {10.1073/pnas.1604401113},
  url = {https://doi.org/10.1073/pnas.1604401113},
  year = {2016},
  month = nov,
  publisher = {Proceedings of the National Academy of Sciences},
  volume = {113},
  number = {48},
  pages = {13708--13713},
  author = {Jacopo A. Baggio and Shauna B. BurnSilver and Alex Arenas and James S. Magdanz and Gary P. Kofinas and Manlio De Domenico},
  title = {Multiplex social ecological network analysis reveals how social changes affect community robustness more than resource depletion},
  journal = {Proceedings of the National Academy of Sciences}
}

@article{DeDomenico2016,
  doi = {10.1038/nphys3865},
  url = {https://doi.org/10.1038/nphys3865},
  year = {2016},
  month = aug,
  publisher = {Springer Science and Business Media {LLC}},
  volume = {12},
  number = {10},
  pages = {901--906},
  author = {Manlio De Domenico and Clara Granell and Mason A. Porter and Alex Arenas},
  title = {The physics of spreading processes in multilayer~networks},
  journal = {Nature Physics}
}

@article{Amato2017,
  doi = {10.1038/s41598-017-06933-2},
  url = {https://doi.org/10.1038/s41598-017-06933-2},
  year = {2017},
  month = aug,
  publisher = {Springer Science and Business Media {LLC}},
  volume = {7},
  number = {1},
  author = {Roberta Amato and Albert D{\'{\i}}az-Guilera and Kaj-Kolja Kleineberg},
  title = {Interplay between social influence and competitive strategical games in multiplex networks},
  journal = {Scientific Reports}
}

@article{DeDomenico2017,
  doi = {10.1093/gigascience/gix004},
  url = {https://doi.org/10.1093/gigascience/gix004},
  year = {2017},
  month = feb,
  publisher = {Oxford University Press ({OUP})},
  volume = {6},
  number = {5},
  author = {Manlio De Domenico},
  title = {Multilayer modeling and analysis of human brain networks},
  journal = {{GigaScience}}
}

@article{Pilosof2017,
  doi = {10.1038/s41559-017-0101},
  url = {https://doi.org/10.1038/s41559-017-0101},
  year = {2017},
  month = mar,
  publisher = {Springer Science and Business Media {LLC}},
  volume = {1},
  number = {4},
  author = {Shai Pilosof and Mason A. Porter and Mercedes Pascual and Sonia K{\'{e}}fi},
  title = {The multilayer nature of ecological networks},
  journal = {Nature Ecology {\&}amp$\mathsemicolon$ Evolution}
}

@article{deArruda2017,
  doi = {10.1103/physrevx.7.011014},
  url = {https://doi.org/10.1103/physrevx.7.011014},
  year = {2017},
  month = feb,
  publisher = {American Physical Society ({APS})},
  volume = {7},
  number = {1},
  author = {Guilherme Ferraz de Arruda and Emanuele Cozzo and Tiago P. Peixoto and Francisco A. Rodrigues and Yamir Moreno},
  title = {Disease Localization in Multilayer Networks},
  journal = {Physical Review X}
}

@article{Gosak2018,
  doi = {10.1016/j.plrev.2017.11.003},
  url = {https://doi.org/10.1016/j.plrev.2017.11.003},
  year = {2018},
  month = mar,
  publisher = {Elsevier {BV}},
  volume = {24},
  pages = {118--135},
  author = {Marko Gosak and Rene Markovi{\v{c}} and Jurij Dolen{\v{s}}ek and Marjan Slak Rupnik and Marko Marhl and Andra{\v{z}} Sto{\v{z}}er and Matja{\v{z}} Perc},
  title = {Network science of biological systems at different scales: A review},
  journal = {Physics of Life Reviews}
}

@article{SorianoPaos2018,
  doi = {10.1103/physrevx.8.031039},
  url = {https://doi.org/10.1103/physrevx.8.031039},
  year = {2018},
  month = aug,
  publisher = {American Physical Society ({APS})},
  volume = {8},
  number = {3},
  author = {D. Soriano-Pa{\~{n}}os and L. Lotero and A. Arenas and J. G{\'{o}}mez-Garde{\~{n}}es},
  title = {Spreading Processes in Multiplex Metapopulations Containing Different Mobility Networks},
  journal = {Physical Review X}
}

@article{Timteo2018,
  doi = {10.1038/s41467-017-02658-y},
  url = {https://doi.org/10.1038/s41467-017-02658-y},
  year = {2018},
  month = jan,
  publisher = {Springer Science and Business Media {LLC}},
  volume = {9},
  number = {1},
  author = {S{\'{e}}rgio Tim{\'{o}}teo and Marta Correia and Susana Rodr{\'{\i}}guez-Echeverr{\'{\i}}a and Helena Freitas and Ruben Heleno},
  title = {Multilayer networks reveal the spatial structure of seed-dispersal interactions across the Great Rift landscapes},
  journal = {Nature Communications}
}

@article{Buldu2018,
  doi = {10.1162/netn_a_00033},
  url = {https://doi.org/10.1162/netn_a_00033},
  year = {2018},
  month = oct,
  publisher = {{MIT} Press - Journals},
  volume = {2},
  number = {4},
  pages = {418--441},
  author = {Javier M. Buld{\'{u}} and Mason A. Porter},
  title = {Frequency-based brain networks: From a multiplex framework to a full multilayer description},
  journal = {Network Neuroscience}
}

@article{Lim2019,
  doi = {10.1038/s41598-019-39243-w},
  url = {https://doi.org/10.1038/s41598-019-39243-w},
  year = {2019},
  month = feb,
  publisher = {Springer Science and Business Media {LLC}},
  volume = {9},
  number = {1},
  author = {Sol Lim and Filippo Radicchi and Martijn P. van den Heuvel and Olaf Sporns},
  title = {Discordant attributes of structural and functional brain connectivity in a two-layer multiplex network},
  journal = {Scientific Reports}
}

@article{Mangioni2020,
  doi = {10.1109/tnse.2018.2871726},
  url = {https://doi.org/10.1109/tnse.2018.2871726},
  year = {2020},
  month = jan,
  publisher = {Institute of Electrical and Electronics Engineers ({IEEE})},
  volume = {7},
  number = {1},
  pages = {411--420},
  author = {Giuseppe Mangioni and Giuseppe Jurman and Manlio De Domenico},
  title = {Multilayer Flows in Molecular Networks Identify Biological Modules in the Human Proteome},
  journal = {{IEEE} Transactions on Network Science and Engineering}
}

@article{Aleta2020,
  doi = {10.1038/s41562-020-0931-9},
  url = {https://doi.org/10.1038/s41562-020-0931-9},
  year = {2020},
  month = aug,
  publisher = {Springer Science and Business Media {LLC}},
  volume = {4},
  number = {9},
  pages = {964--971},
  author = {Alberto Aleta and David Mart{\'{\i}}n-Corral and Ana Pastore y Piontti and Marco Ajelli and Maria Litvinova and Matteo Chinazzi and Natalie E. Dean and M. Elizabeth Halloran and Ira M. Longini Jr and Stefano Merler and Alex Pentland and Alessandro Vespignani and Esteban Moro and Yamir Moreno},
  title = {Modelling the impact of testing,  contact tracing and household quarantine on second waves of {COVID}-19},
  journal = {Nature Human Behaviour}
}

@article{Aleta2022,
  doi = {10.1073/pnas.2112182119},
  url = {https://doi.org/10.1073/pnas.2112182119},
  year = {2022},
  month = jun,
  publisher = {Proceedings of the National Academy of Sciences},
  volume = {119},
  number = {26},
  author = {Alberto Aleta and David Mart{\'{\i}}n-Corral and Michiel A. Bakker and Ana Pastore y Piontti and Marco Ajelli and Maria Litvinova and Matteo Chinazzi and Natalie E. Dean and M. Elizabeth Halloran and Ira M. Longini and Alex Pentland and Alessandro Vespignani and Yamir Moreno and Esteban Moro},
  title = {Quantifying the importance and location of {SARS}-{CoV}-2 transmission events in large metropolitan areas},
  journal = {Proceedings of the National Academy of Sciences}
}

# BOOKS
## Theory
@book{Bianconi2018,
  doi = {10.1093/oso/9780198753919.001.0001},
  url = {https://doi.org/10.1093/oso/9780198753919.001.0001},
  year = {2018},
  month = jul,
  publisher = {Oxford University Press},
  author = {Ginestra Bianconi},
  title = {Multilayer Networks}
}

@book{Cozzo2018,
  doi = {10.1007/978-3-319-92255-3},
  url = {https://doi.org/10.1007/978-3-319-92255-3},
  year = {2018},
  publisher = {Springer International Publishing},
  author = {Emanuele Cozzo and Guilherme Ferraz de Arruda and Francisco Aparecido Rodrigues and Yamir Moreno},
  title = {Multiplex Networks}
}

@book{Artime2022,
  doi = {10.1017/9781009085809},
  url = {https://doi.org/10.1017/9781009085809},
  year = {2022},
  month = aug,
  publisher = {Cambridge University Press},
  author = {Oriol Artime and Barbara Benigni and Giulia Bertagnolli and Valeria d{\textquotesingle}Andrea and Riccardo Gallotti and Arsham Ghavasieh and Sebastian Raimondo and Manlio De Domenico},
  title = {Multilayer Network Science}
}

@book{DeDomenico2022,
  doi = {10.1007/978-3-030-75718-2},
  url = {https://doi.org/10.1007/978-3-030-75718-2},
  year = {2022},
  publisher = {Springer International Publishing},
  author = {Manlio De Domenico},
  title = {Multilayer Networks: Analysis and Visualization}
}

## Applications 
### Social Science 
@book{LazegaSnijders2016,
  doi = {10.1007/978-3-319-24520-1},
  url = {https://doi.org/10.1007/978-3-319-24520-1},
  year = {2016},
  publisher = {Springer International Publishing},
  editor = {Emmanuel Lazega and Tom A.B. Snijders},
  title = {Multilevel Network Analysis for the Social Sciences}
}

@book{Dickison2016,
  doi = {10.1017/cbo9781139941907},
  url = {https://doi.org/10.1017/cbo9781139941907},
  year = {2016},
  month = jul,
  publisher = {Cambridge University Press},
  author = {Mark E. Dickison and Matteo Magnani and Luca Rossi},
  title = {Multilayer Social Networks}
}